@Misc{Transliteracion,
author = {Wikipedia},
title = {Transliteración},
howpublished = {\url{https://en.wikipedia.org/wiki/Transliteration}},
note = {Consultado el 14/11/2020},
}

@Misc{ISO3166,
author = {ISO-3166},
title = {Código países},
howpublished = {\url{https://www.iso.org/obp/ui/#search}},
note = {Consultado el 14/11/2020},
}

@Misc{FIPS,
author = {Wikipedia},
title = {Código condados FIPS},
howpublished = {\url{https://en.wikipedia.org/wiki/FIPS_county_code}},
note = {Consultado el 14/11/2020},
}

@Misc{UA,
author = {Wikipedia},
title = {Unincorporated area},
howpublished = {\url{https://en.wikipedia.org/wiki/Unincorporated_area}},
note = {Consultado el 14/11/2020},
}

@Misc{KNIME,
author = {Wikipedia},
title = {KNIME},
howpublished = {\url{https://en.wikipedia.org/wiki/KNIME}},
note = {Consultado el 15/11/2020},
}