@Misc {ms:1,
title={Conexión a una base de datos de Oracle con Power BI Desktop},
author={Microsoft},
month={Agosto},
year={2020},
howpublished={\url{https://docs.microsoft.com/es-es/power-bi/connect-data/desktop-connect-oracle-database}},
note={Consultado el 20/11/2020}
}


@Misc {rank:1,
title={SQL RANK() ejemplos},
year={2020},
howpublished={\url{https://www.sqlservertutorial.net/sql-server-window-functions/sql-server-rank-function/}},
note={Consultado el 28/11/2020}
}

@Misc {rank:2,
title= {Documentación RANK()},
year={2020},
howpublished={\url{https://docs.oracle.com/cd/B19306_01/server.102/b14200/functions123.htm}},
note={Consultado el 28/11/2020}
}
