@Misc{wiki:1,
author = {Wikipedia},
title = {Número de vuelo},
howpublished = {\url{https://es.wikipedia.org/wiki/N%C3%BAmero_de_vuelo}},
month = {Marzo},
year = {2020},
note = {Consultado el 19/10/2020},
}

@Misc{wiki:2,
author = {Wikipedia},
title = {Código de aeropuertos de IATA},
howpublished = {\url{https://es.wikipedia.org/wiki/C%C3%B3digo_de_aeropuertos_de_IATA}},
month = {Octubre},
year = {2020},
note = {Consultado el 19/10/2020},
}

@Misc{wiki:3,
author = {Wikipedia},
title = {Aircraft registration},
howpublished = {\url{https://en.wikipedia.org/wiki/Aircraft_registration}},
month = {Agosto},
year = {2020},
note = {Consultado el 19/10/2020}
}

@Misc{ferrovial:1,
author = {Álvaro Ibañez \and Diana Barriga},
title = {De AAA al ZZV: los curiosos códigos de los aeropuertos},
howpublished = {\url{https://blog.ferrovial.com/es/2018/08/codigos-aeropuertos}},
month = {Agosto},
year = {2018},
note = {Consultado el 19/10/2020},
}

@Misc{quora:1,
author = {Quora},
Ttitle = {What is the difference between operator and airline?},
howpublished = {\url{https://www.quora.com/What-is-the-difference-between-operator-and-airline#:~:text=As%20per%20ICAO%20Doc%207300,operating%20an%20international%20air%20service.&text=The%20term%20Charter%20Operator%20is,non%2Dscheduled%20air%20transport%20services.}},
month = {Febrero},
year = {2019},
note = {Consultado el 19/10/2020},
}

@Misc{seguridadaerea:1,
author = {Ministerio de transportes, movilidad y agenda urbana},
title = {},
howpublished = {\url{https://www.seguridadaerea.gob.es/media/4748817/aeronaves_inscritas.pdf}},
month = {Octubre},
year = {2020},
note = {Consultado el 22/10/2020},
}

@Misc{rmf:1,
author = {Revista Marítima},
title = {Prefijos Compañías Aéreas},
howpublished = {\url{http://rm-forwarding.com/i/prefijos-companias-aereas/}},
month = {},
year = {},
note = {Consultado el 22/10/2020},
}

@Misc{nuwa:1,
author = {JIM MCHUGH},
title = {Data Warehouse Design Techniques – Bridge Tables},
howpublished = {\url{https://www.nuwavesolutions.com/bridge-tables/}},
month = {Marzo},
year = {2017},
note = {Consultado el 28/10/2020},
}